@article{crowd_on_pets,
  author       = {Conte D., Foggia P., Percannella G. et al.},
  title        = {A Method for Counting Moving People in Video Surveillance Videos},
  journaltitle = {EURASIP Journal on Advances in Signal Processing},
  doi 		   = "10.1155/2010/231240",
  date         = {2010}
 
}
